<?xml version="1.0" encoding="UTF-8"?>
<record>
  <leader>01057cam#a2200373#c#4500</leader>
  <controlfield tag="005">20220715184200.0</controlfield>
  <controlfield tag="007">cr#|||||||||||</controlfield>
  <controlfield tag="008">220429|2010####xx######o#####|||#|#eng#c</controlfield>
  <controlfield tag="003">DE-605</controlfield>
  <controlfield tag="001">99371314897806441</controlfield>
  <datafield tag="016" ind1="7" ind2=" ">
    <subfield code="a">10.1002/9781444327540</subfield>
    <subfield code="2">XX-XxUND</subfield>
  </datafield>
  <datafield tag="020" ind1=" " ind2=" ">
    <subfield code="a">9781444327540</subfield>
  </datafield>
  <datafield tag="035" ind1=" " ind2=" ">
    <subfield code="a">(DE-605)HT021352855</subfield>
  </datafield>
  <datafield tag="040" ind1=" " ind2=" ">
    <subfield code="a">EBA-Wiley</subfield>
    <subfield code="b">ger</subfield>
    <subfield code="c">EBA-Wiley</subfield>
    <subfield code="d">DE-605</subfield>
  </datafield>
  <datafield tag="041" ind1=" " ind2=" ">
    <subfield code="a">eng</subfield>
  </datafield>
  <datafield tag="100" ind1="0" ind2=" ">
    <subfield code="a">Melville</subfield>
    <subfield code="4">aut</subfield>
  </datafield>
  <datafield tag="245" ind1="1" ind2="0">
    <subfield code="a">Political Atlas of the Modern World</subfield>
  </datafield>
  <datafield tag="250" ind1=" " ind2=" ">
    <subfield code="a">1</subfield>
  </datafield>
  <datafield tag="264" ind1=" " ind2="1">
    <subfield code="b">John Wiley &amp; Sons, Inc</subfield>
    <subfield code="c">2010-08-13</subfield>
  </datafield>
  <datafield tag="300" ind1=" " ind2=" ">
    <subfield code="a">1 Online-Ressource</subfield>
  </datafield>
  <datafield tag="336" ind1=" " ind2=" ">
    <subfield code="b">txt</subfield>
  </datafield>
  <datafield tag="337" ind1=" " ind2=" ">
    <subfield code="b">c</subfield>
  </datafield>
  <datafield tag="338" ind1=" " ind2=" ">
    <subfield code="b">cr</subfield>
  </datafield>
  <datafield tag="856" ind1="4" ind2=" ">
    <subfield code="u">https://onlinelibrary.wiley.com/doi/book/10.1002/9781444327540</subfield>
  </datafield>
  <datafield tag="912" ind1=" " ind2=" ">
    <subfield code="a">ZDB-35-Wiley-EBA</subfield>
  </datafield>
  <datafield tag="962" ind1=" " ind2=" ">
    <subfield code="e">ZDB-35-Wiley-EBA</subfield>
  </datafield>
  <datafield tag="964" ind1="0" ind2="s">
    <subfield code="F">051</subfield>
    <subfield code="A">m|||||||</subfield>
  </datafield>
  <datafield tag="964" ind1="0" ind2="i">
    <subfield code="I">marc-FMT via MAB2MARC</subfield>
    <subfield code="F">FMT</subfield>
    <subfield code="A">BK</subfield>
  </datafield>
  <datafield tag="964" ind1="0" ind2="s">
    <subfield code="F">030</subfield>
    <subfield code="A">|||u|||||||17</subfield>
  </datafield>
  <datafield tag="964" ind1="0" ind2="s">
    <subfield code="F">050</subfield>
    <subfield code="A">||||||||g|||||</subfield>
  </datafield>
  <datafield tag="035" ind1=" " ind2=" ">
    <subfield code="a">(hbzERes_EBA-Wiley)10.1002/9781444327540</subfield>
  </datafield>
  <datafield tag="035" ind1=" " ind2=" ">
    <subfield code="a">(DE-599)HBZHT021352855</subfield>
  </datafield>
  <datafield tag="024" ind1="7" ind2=" ">
    <subfield code="a">10.1002/9781444327540</subfield>
    <subfield code="2">doi</subfield>
  </datafield>
  <datafield tag="776" ind1="0" ind2=" ">
    <subfield code="z">9781444335804</subfield>
  </datafield>
  <datafield tag="600" ind1="1" ind2="4">
    <subfield code="a">Political Science</subfield>
  </datafield>
  <datafield tag="MBD" ind1=" " ind2=" ">
    <subfield code="M">49HBZ_NETWORK</subfield>
    <subfield code="i">99371314897806441</subfield>
    <subfield code="n">HBZ Network</subfield>
  </datafield>
  <datafield tag="MBD" ind1=" " ind2=" ">
    <subfield code="M">49HBZ_FUH</subfield>
    <subfield code="i">990016111720106464</subfield>
    <subfield code="n">Fernuniversität Hagen</subfield>
  </datafield>
  <datafield tag="MBD" ind1=" " ind2=" ">
    <subfield code="M">49HBZ_BRIDGE_HSN</subfield>
    <subfield code="i">9963707007916</subfield>
    <subfield code="n">Hochschulbibliothek der Hochschule Niederrhein in Mönchengladbach/Krefeld</subfield>
  </datafield>
  <datafield tag="MBD" ind1=" " ind2=" ">
    <subfield code="M">49HBZ_BRIDGE_THK</subfield>
    <subfield code="i">9975224207504</subfield>
    <subfield code="n">Hochschulbibliothek der Technischen Hochschule Köln</subfield>
  </datafield>
  <datafield tag="MBD" ind1=" " ind2=" ">
    <subfield code="M">49HBZ_BRIDGE_KHO</subfield>
    <subfield code="i">9950807407920</subfield>
    <subfield code="n">Katholische Hochschule Nordrhein-Westfalen, Bibliothekszentrale und Abteilungsbibliotheken</subfield>
  </datafield>
  <datafield tag="MBD" ind1=" " ind2=" ">
    <subfield code="M">49HBZ_BRIDGE_UBO</subfield>
    <subfield code="i">99323398007503</subfield>
    <subfield code="n">Ruhr-Universität Bochum</subfield>
  </datafield>
  <datafield tag="MBD" ind1=" " ind2=" ">
    <subfield code="M">49HBZ_BRIDGE_ULB</subfield>
    <subfield code="i">99390263207502</subfield>
    <subfield code="n">Universitäts- und Landesbibliothek Bonn</subfield>
  </datafield>
  <datafield tag="MBD" ind1=" " ind2=" ">
    <subfield code="M">49HBZ_BRIDGE_UBK</subfield>
    <subfield code="i">99437289707147</subfield>
    <subfield code="n">Universitäts- und Stadtbibliothek Köln</subfield>
  </datafield>
  <datafield tag="MBD" ind1=" " ind2=" ">
    <subfield code="M">49HBZ_BRIDGE_ZBS</subfield>
    <subfield code="i">9970050607146</subfield>
    <subfield code="n">Zentralbibliothek der Sportwissenschaften, Köln</subfield>
  </datafield>
  <datafield tag="MNG" ind1=" " ind2=" ">
    <subfield code="c">System</subfield>
    <subfield code="f">HBZ</subfield>
    <subfield code="i">marc21</subfield>
    <subfield code="h">20220715184200.0</subfield>
    <subfield code="k">01</subfield>
    <subfield code="e">false</subfield>
    <subfield code="d">2022-08-02 09:29:25 Europe/Berlin</subfield>
    <subfield code="g">HT021352855</subfield>
    <subfield code="j">60</subfield>
    <subfield code="a">System</subfield>
    <subfield code="b">2022-04-29 14:38:12 Europe/Berlin</subfield>
  </datafield>
  <datafield tag="POR" ind1=" " ind2=" ">
    <subfield code="j">ebooks.NRW</subfield>
    <subfield code="x">System</subfield>
    <subfield code="a">53769526120006441</subfield>
    <subfield code="M">49HBZ_NETWORK</subfield>
    <subfield code="p">61767497870006441</subfield>
    <subfield code="q">Wiley eBooks EBA bis 31.12.2023 (ZDB-35-Wiley-EBA)</subfield>
    <subfield code="c">static</subfield>
    <subfield code="B">Produktsigel: ZDB-35-Wiley-EBA
NZ Phase 1 - Wave 2: NZ-P2E
E-Book-Verfahren: eba-wiley?</subfield>
    <subfield code="A">49HBZ_HBI</subfield>
    <subfield code="A">49HBZ_DUE</subfield>
    <subfield code="A">49HBZ_FHA</subfield>
    <subfield code="A">49HBZ_UDE</subfield>
    <subfield code="A">49HBZ_WHS</subfield>
    <subfield code="A">49HBZ_RUW</subfield>
    <subfield code="A">49HBZ_FHM</subfield>
    <subfield code="A">49HBZ_PAD</subfield>
    <subfield code="A">49HBZ_SIE</subfield>
    <subfield code="A">49HBZ_WUP</subfield>
    <subfield code="A">49HBZ_ULM</subfield>
    <subfield code="A">49HBZ_UBD</subfield>
    <subfield code="A">49HBZ_BRS</subfield>
    <subfield code="A">49HBZ_FDO</subfield>
    <subfield code="A">49HBZ_HBO</subfield>
    <subfield code="A">49HBZ_BIE</subfield>
    <subfield code="A">49HBZ_HSD</subfield>
    <subfield code="A">49HBZ_FSW</subfield>
    <subfield code="A">49HBZ_UBA</subfield>
    <subfield code="y">2022-04-29 19:35:15 Europe/Berlin</subfield>
    <subfield code="w">2022-04-29 19:35:11 Europe/Berlin</subfield>
    <subfield code="D">https://eu04.alma.exlibrisgroup.com/view/uresolver/49HBZ_NETWORK/openurl?u.ignore_date_coverage=true&amp;portfolio_pid=53769526120006441&amp;Force_direct=true</subfield>
    <subfield code="v">System</subfield>
    <subfield code="z">2022-04-29 17:35:11</subfield>
    <subfield code="i">false</subfield>
    <subfield code="S">62767497860006441</subfield>
    <subfield code="d">https://hbz-network.userservices.exlibrisgroup.com/view/uresolver/49HBZ_NETWORK/openurl?u.ignore_date_coverage=true&amp;rft.mms_id=99371314897806441</subfield>
    <subfield code="b">Available</subfield>
    <subfield code="f">BOOK</subfield>
    <subfield code="e">https://onlinelibrary.wiley.com/doi/book/10.1002/9781444327540</subfield>
    <subfield code="8">53769526120006441</subfield>
  </datafield>
  <datafield tag="POR" ind1=" " ind2=" ">
    <subfield code="x">System</subfield>
    <subfield code="a">53133004370006464</subfield>
    <subfield code="h">EZProxy</subfield>
    <subfield code="M">49HBZ_FUH</subfield>
    <subfield code="c">static</subfield>
    <subfield code="l">Zugriff nur im Hochschulnetz der FernUniversität Hagen bzw. für autorisierte Benutzer</subfield>
    <subfield code="y">2022-07-05 07:21:38 Europe/Berlin</subfield>
    <subfield code="w">2022-07-05 07:21:34 Europe/Berlin</subfield>
    <subfield code="D">https://eu04.alma.exlibrisgroup.com/view/uresolver/49HBZ_NETWORK/openurl?u.ignore_date_coverage=true&amp;portfolio_pid=53133004370006464&amp;Force_direct=true</subfield>
    <subfield code="v">P2E_JOB</subfield>
    <subfield code="z">2022-07-05 05:21:34</subfield>
    <subfield code="i">true</subfield>
    <subfield code="g">F0001</subfield>
    <subfield code="S">52133004380006464</subfield>
    <subfield code="d">https://hbz-network.userservices.exlibrisgroup.com/view/uresolver/49HBZ_NETWORK/openurl?u.ignore_date_coverage=true&amp;rft.mms_id=990016111720106464</subfield>
    <subfield code="b">Available</subfield>
    <subfield code="f">BOOK</subfield>
    <subfield code="e">https://ub-proxy.fernuni-hagen.de/login?url=https://onlinelibrary.wiley.com/doi/book/10.1002/9781444327540</subfield>
    <subfield code="8">53133004370006464</subfield>
  </datafield>
  <datafield tag="H52" ind1="0" ind2=" ">
    <subfield code="b">N5001</subfield>
    <subfield code="c">UNASSIGNED</subfield>
    <subfield code="8">2221466720007916</subfield>
  </datafield>
  <datafield tag="HOL" ind1=" " ind2=" ">
    <subfield code="d">2023-02-24 02:36:03</subfield>
    <subfield code="8">2221466720007916</subfield>
    <subfield code="b">2023-02-24 02:36:03</subfield>
    <subfield code="M">49HBZ_BRIDGE_HSN</subfield>
    <subfield code="g">false</subfield>
    <subfield code="a">System</subfield>
    <subfield code="c">System</subfield>
  </datafield>
  <datafield tag="H52" ind1="0" ind2=" ">
    <subfield code="b">Z9039</subfield>
    <subfield code="c">UNASSIGNED</subfield>
    <subfield code="8">2216648660007920</subfield>
  </datafield>
  <datafield tag="HOL" ind1=" " ind2=" ">
    <subfield code="d">2023-02-24 02:36:56</subfield>
    <subfield code="8">2216648660007920</subfield>
    <subfield code="b">2023-02-24 02:36:56</subfield>
    <subfield code="M">49HBZ_BRIDGE_KHO</subfield>
    <subfield code="g">false</subfield>
    <subfield code="a">System</subfield>
    <subfield code="c">System</subfield>
  </datafield>
  <datafield tag="H52" ind1="0" ind2=" ">
    <subfield code="b">B0001</subfield>
    <subfield code="c">UNASSIGNED</subfield>
    <subfield code="8">22132983340007503</subfield>
  </datafield>
  <datafield tag="HOL" ind1=" " ind2=" ">
    <subfield code="d">2023-02-24 02:36:12</subfield>
    <subfield code="8">22132983340007503</subfield>
    <subfield code="b">2023-02-24 02:36:12</subfield>
    <subfield code="M">49HBZ_BRIDGE_UBO</subfield>
    <subfield code="g">false</subfield>
    <subfield code="a">System</subfield>
    <subfield code="c">System</subfield>
  </datafield>
  <datafield tag="H52" ind1="0" ind2=" ">
    <subfield code="b">Q0001</subfield>
    <subfield code="c">UNASSIGNED</subfield>
    <subfield code="8">22165237240007502</subfield>
  </datafield>
  <datafield tag="HOL" ind1=" " ind2=" ">
    <subfield code="d">2023-02-24 02:36:32</subfield>
    <subfield code="8">22165237240007502</subfield>
    <subfield code="b">2023-02-24 02:36:32</subfield>
    <subfield code="M">49HBZ_BRIDGE_ULB</subfield>
    <subfield code="g">false</subfield>
    <subfield code="a">System</subfield>
    <subfield code="c">System</subfield>
  </datafield>
  <datafield tag="H52" ind1="0" ind2=" ">
    <subfield code="b">K0001</subfield>
    <subfield code="c">UNASSIGNED</subfield>
    <subfield code="8">22185267420007147</subfield>
  </datafield>
  <datafield tag="HOL" ind1=" " ind2=" ">
    <subfield code="d">2023-02-24 02:35:52</subfield>
    <subfield code="8">22185267420007147</subfield>
    <subfield code="b">2023-02-24 02:35:52</subfield>
    <subfield code="M">49HBZ_BRIDGE_UBK</subfield>
    <subfield code="g">false</subfield>
    <subfield code="a">System</subfield>
    <subfield code="c">System</subfield>
  </datafield>
  <datafield tag="H52" ind1="0" ind2=" ">
    <subfield code="b">KP001</subfield>
    <subfield code="c">UNASSIGNED</subfield>
    <subfield code="8">2225159930007146</subfield>
  </datafield>
  <datafield tag="HOL" ind1=" " ind2=" ">
    <subfield code="d">2023-02-24 02:36:45</subfield>
    <subfield code="8">2225159930007146</subfield>
    <subfield code="b">2023-02-24 02:36:45</subfield>
    <subfield code="M">49HBZ_BRIDGE_ZBS</subfield>
    <subfield code="g">false</subfield>
    <subfield code="a">System</subfield>
    <subfield code="c">System</subfield>
  </datafield>
</record>
